@INPROCEEDINGS{2012ASPC..461..339D,
   author = {{Dowler}, P.},
    title = "{CAOM-2.0: The Inevitable Evolution of a Data Model}",
booktitle = {Astronomical Data Analysis Software and Systems XXI},
     year = 2012,
   series = {Astronomical Society of the Pacific Conference Series},
   volume = 461,
   editor = {{Ballester}, P. and {Egret}, D. and {Lorente}, N.~P.~F.},
    month = sep,
    pages = {339},
   adsurl = {http://adsabs.harvard.edu/abs/2012ASPC..461..339D},
  adsnote = {Provided by the SAO/NASA Astrophysics Data System}
}

@INPROCEEDINGS{2005ASPC..347..647M,
   author = {{Melnychuk}, G. and {Damian}, A. and {Goliath}, S. and {Shao}, L. and 
        {Hill}, N. and {Gaudet}, S. and {Bohlender}, D. and {Aspin}, C.
        },
    title = "{Gemini Science Archive Automatic Data Transfer}",
booktitle = {Astronomical Data Analysis Software and Systems XIV},
     year = 2005,
   series = {Astronomical Society of the Pacific Conference Series},
   volume = 347,
   editor = {{Shopbell}, P. and {Britton}, M. and {Ebert}, R.},
    month = dec,
    pages = {647},
   adsurl = {http://adsabs.harvard.edu/abs/2005ASPC..347..647M},
  adsnote = {Provided by the SAO/NASA Astrophysics Data System}
}

@ARTICLE{2008MNRAS.384..637H,
   author = {{Hambly}, N.~C. and {Collins}, R.~S. and {Cross}, N.~J.~G. and 
        {Mann}, R.~G. and {Read}, M.~A. and {Sutorius}, E.~T.~W. and 
        {Bond}, I. and {Bryant}, J. and {Emerson}, J.~P. and {Lawrence}, A. and 
        {Rimoldini}, L. and {Stewart}, J.~M. and {Williams}, P.~M. and 
        {Adamson}, A. and {Hirst}, P. and {Dye}, S. and {Warren}, S.~J.
        },
    title = "{The WFCAM Science Archive}",
  journal = {\mnras},
archivePrefix = "arXiv",
 keywords = {astronomical data bases: miscellaneous , surveys , stars: general , galaxies: general , cosmology: observations , infrared: general},
     year = 2008,
    month = feb,
   volume = 384,
    pages = {637-662},
      doi = {10.1111/j.1365-2966.2007.12700.x},
   adsurl = {http://adsabs.harvard.edu/abs/2008MNRAS.384..637H},
  adsnote = {Provided by the SAO/NASA Astrophysics Data System}
}

@INPROCEEDINGS{1999ASPC..172...11E,
   author = {{Economou}, F. and {Bridger}, A. and {Wright}, G.~S. and {Jenness}, T. and 
        {Currie}, M.~J. and {Adamson}, A.},
    title = "{ORAC-DR: Pipelining With Other People's Code}",
booktitle = {Astronomical Data Analysis Software and Systems VIII},
     year = 1999,
   series = {Astronomical Society of the Pacific Conference Series},
   volume = 172,
   editor = {{Mehringer}, D.~M. and {Plante}, R.~L. and {Roberts}, D.~A.},
    pages = {11},
   adsurl = {http://adsabs.harvard.edu/abs/1999ASPC..172...11E},
  adsnote = {Provided by the SAO/NASA Astrophysics Data System}
}

@INPROCEEDINGS{2011ASPC..442..203E,
   author = {{Economou}, F. and {Jenness}, T. and {Cavanagh}, B. and {Goliath}, S. and 
        {Redman}, R. and {Jenkins}, D. and {Berry}, D. and {Chrysostomou}, A. and 
        {Chapel}, B. and {Dowler}, P. and {Gaudet}, S. and {Ouellette}, J. and 
        {Schade}, D.},
    title = "{The JSA and the Grid: How ''Infinite'' Computing Power Enables a New Archive Model for PI-led Observatories}",
booktitle = {Astronomical Data Analysis Software and Systems XX},
     year = 2011,
   series = {Astronomical Society of the Pacific Conference Series},
   volume = 442,
   editor = {{Evans}, I.~N. and {Accomazzi}, A. and {Mink}, D.~J. and {Rots}, A.~H.
        },
    month = jul,
    pages = {203},
   adsurl = {http://adsabs.harvard.edu/abs/2011ASPC..442..203E},
  adsnote = {Provided by the SAO/NASA Astrophysics Data System}
}

@ARTICLE{2008AN....329..295C,
   author = {{Cavanagh}, B. and {Jenness}, T. and {Economou}, F. and {Currie}, M.~J.
        },
    title = "{The ORAC-DR data reduction pipeline}",
  journal = {Astronomische Nachrichten},
 keywords = {methods: data analysis, techniques: image processing},
     year = 2008,
    month = mar,
   volume = 329,
    pages = {295-297},
      doi = {10.1002/asna.200710944},
   adsurl = {http://adsabs.harvard.edu/abs/2008AN....329..295C},
  adsnote = {Provided by the SAO/NASA Astrophysics Data System}
}
